@book{Searway,
	author = {Serway, Raymond A. y Jewett, John W.},
	title = {Física para ciencias e ingeniería},
	edition = {7º},
	publisher = {{CENGAGE}},
	year = {2008},
	volume = {1},
	note={{ISBN:} 978-607-481-357-9},
}

@book{Searway2,
	author = {Serway, Raymond A. y Jewett, John W.},
	title = {Física para ciencias e ingeniería},
	edition = {5º},
	publisher = {{McGRAW-HILL}},
	year = {2002},
	volume = {2},
	note={{ISBN:} 970-10-3582-8},
}

@book{Tipler2010.1,
	author = {Tipler, Paul A.},
	title = {Physics for science and engineers. Español},
	booktitle = {Mecánica/Oscilaciones y ondas/Termodinámica},
	edition = {6º Edición},
	publisher = {{Reverté}},
	year = {2010},
	volume = {1. Mecánica/Oscilaciones y ondas/Termodinámica},
	address = {{Barcelona}},
	ISBN = {978-84-291-4429-1}
}

@ARTICLE{Largo2014,
	author = {Departamento de Física aplicada},
	title = {Guía de del experimento},
	year = {2014},
	volume = {Título Práctica},
}

@ARTICLE{Chema,
	author = {Experimental Optics},
	title = {Guide of {E}xperiment {N}.5},
	volume = {Characterizing diffraction gratings: measurement of an atomic tansition wavelength},
}

@book{Tipler2010.2,
	author = {Tipler, Paul A.},
	title = {Physics for science and engineers. Español},
	booktitle = {Electricidad y magnetismo/Luz},
	edition = {6º Edición},
	publisher = {{Reverté}},
	year = {2010},
	volume = {2. Electricidad y magnetismo/Luz},
	address = {{Barcelona}},
	note={{ISBN:} 978-84-291-4430-7},
}

@book{Tipler2005.2,
	author = {Tipler, Paul A. y Mosca, Gene},
	title = {Physics for science and engineers. Español},
	booktitle = {Electricidad y magnetismo. Luz. Física moderna},
	edition = {5º Edición},
	publisher = {{Reverté}},
	year = {2005},
	volume =  {2. Electricidad y magnetismo. Luz. Física moderna },
	note={{ISBN:} 978-84-297-4410-2},
}

@book{Tipler2005.1,
	author = {Tipler, Paul A. y Mosca, Gene},
	title = {Physics for science and engineers. Español},
	booktitle = {Mecánica/Oscilaciones y ondas/Termodinámica},
	edition = {5º Edición},
	publisher = {{Reverté}},
	year = {2005},
	volume =  {1. Mecánica/Oscilaciones y ondas/Termodinámica},
	note={{ISBN:} },
}

@ARTICLE{FBEIII,
	author = {Departamento CITIMAC y Física Aplicada},
	title = {Guía de la práctica},
	year = {2016},
	journal = {FBE-III: Fluidos y Teoría Cinética},
}

@ARTICLE{Mananes,
	author = {Departamento de Fisica Moderna},
	title = {FBE-III: Núcleos y Radiactividad. Práctica 5},
	year = {2016},
	journal = {Atenuación de Rayos Gamma},
}

@misc{NIST,
	author = {National Institute of Standards and Technology},
	title = {NIST: X-Ray Mass Attenuation Coefficients},
	year = {May 1996},
	howpublished = {\url {http://physics.nist.gov/PhysRefData/XrayMassCoef/ElemTab/z13.html}},
	note = {Accessed: {2016-05-13}}
}

@misc{Higgs,
	title ={Clase Magistral de CMS. Ejercicio WZH.},
	howpublished = {\url {http://cms.physicsmasterclasses.org/pages/cmswzsp.html}},
	note = {Accessed: {2016-06-06}}
}

@misc{SIM,
	title ={iSpy WebGL}, 
	howpublished = {\url {https://www.i2u2.org/elab/cms/ispy-webgl/#}},
	note = {Accessed: {2016-06-06}}
}

@book{MereTher,
	author = {Lemons, Don Stephen.},
	title = {Mere thermodynamics / Don S. Lemons.},
	publisher = {Baltimore : Johns Hopkins University Press.},
	year = {2009},
	address = {{2715 North Charles Street, Baltimore, Maryland}},
	ISBN = {978-0-8018-9015-4}
	note={{ISBN:} 978-0-8018-9015-4},
}

@Misc{NIST_ASD,
	author = {A.~Kramida and {Yu.~Ralchenko} and
	J.~Reader and {and NIST ASD Team}},
	HOWPUBLISHED = {{NIST Atomic Spectra Database
	(ver. 5.5.3), [Online]. Available:
	{\tt{https://physics.nist.gov/asd}} [2018, March 23].
	National Institute of Standards and Technology,
	Gaithersburg, MD.}},
	year = {2018},
}

@online{github,
	HOWPUBLISHED={\url{https://github.com/Jaimedgp/python_utilities/blob/master/P1-Astronomy.py}}
}